@ONLINE {jsimioni20181,
    author = "Simioni Julian",
    title  = "pelias architecture",
    month  = "apr",
    year   = "2018",
    url    = "https://raw.githubusercontent.com/pelias/pelias/master/img/Pelias%20Architecture.png"
}
@ONLINE {jsimioni20182,
    author = "Simioni Julian",
    title  = "pelias result quality",
    month  = "aug",
    year   = "2018",
    url    = "https://github.com/pelias/documentation/blob/master/result_quality.md"
}
@ONLINE {jsimioni20183,
    author = "Simioni Julian",
    title  = "pelias documentation",
    month  = "nov",
    year   = "2018",
    url    = "https://github.com/pelias/documentation"
}
@ONLINE {jsimioni20191,
    author = "Simioni Julian",
    title  = "pelias csv-importer",
    month  = "may",
    year   = "2019",
    url    = "https://github.com/pelias/csv-importer"
}
@ONLINE {geonames2019,
    author = "Unxos GmbH, Weingartenstrasse 8, 8708 Maennedorf, Switzerland",
    title  = "geonames",
    month  = "jun",
    year   = "2019",
    url    = "https://download.geonames.org/export/zip/allCountries.zip"
}
@ONLINE {sdechant20191,
    author = "Dechant Sergej",
    title  = "geonames 2d postalcodes",
    month  = "may",
    year   = "2019",
    url    = "https://github.com/dataBikeHsUlm/juniors/tree/master/geonames_2D_postalcodes"
}
@ONLINE {sdechant20192,
    author = "Dechant Sergej",
    title  = "pelias import",
    month  = "jun",
    year   = "2019",
    url    = "https://github.com/dataBikeHsUlm/juniors/tree/master/peliasimport"
}
@ONLINE {framm2017,
    author = "Ramm Frederik",
    title  = "geofabrik routing engines",
    month  = "mar",
    year   = "2017",
    url    = "https://www.geofabrik.de/media/2017-03-23-Routing-Engines_fuer_OSM.pdf"
}
@ONLINE {h.daniel2017,
    author = "H. Daniel J.",
    title  = "osrm",
    month  = "jul",
    year   = "2017",
    url    = "https://github.com/Project-OSRM/osrm-backend/wiki/Disk-and-Memory-Requirements"
}
@ONLINE {gknisley2019,
    author = "Knisley Greg",
    title  = "valhalla",
    month  = "apr",
    year   = "2019",
    url    = "https://github.com/valhalla/valhalla"
}